@book{DomainDrivenDesign,
  author = {Evans},
  title = {Domain-Driven Design: Tacking Complexity In the Heart of Software},
  year = {2003},
  isbn = {0321125215},
  publisher = {Addison-Wesley Longman Publishing Co., Inc.},
  address = {USA}
}

@techreport{KazmanTheArchitecture1998,
  title = {The Architecture Tradeoff Analysis Method},
  author = {Rick Kazman and Mark Klein and Mario Barbacci and Thomas Longstaff and Howard Lipson and S. Carriere},
  year = {1998},
  number = {CMU/SEI-98-TR-008},
  institution = {Software Engineering Institute, Carnegie Mellon University},
  address = {Pittsburgh, PA},
  url = {http://resources.sei.cmu.edu/library/asset-view.cfm?AssetID=13091}
}

@techreport{O'BrienQualityAttributes2005,
  title = {Quality Attributes and Service-Oriented Architectures},
  author = {Liam O'Brien and Len Bass and Paulo Merson},
  year = {2005},
  number = {CMU/SEI-2005-TN-014},
  institution = {Software Engineering Institute, Carnegie Mellon University},
  address = {Pittsburgh, PA},
  url = {http://resources.sei.cmu.edu/library/asset-view.cfm?AssetID=7405}
}

@book{CleanCode,
  author = {Martin, Robert C.},
  title = {Clean Code: A Handbook of Agile Software Craftsmanship},
  year = {2008},
  isbn = {0132350882},
  publisher = {Prentice Hall PTR},
  address = {USA},
  edition = {1}
}

@book{SiteReliabilityEngineering,
  author = {Beyer, Betsy and Jones, Chris and Petoff, Jennifer and Murphy, Niall Richard},
  title = {Site Reliability Engineering: How Google Runs Production Systems},
  year = {2016},
  isbn = {149192912X},
  publisher = {O'Reilly Media, Inc.},
  edition = {1st}
}

@book{TheDevOpsHandbook,
  author = {Kim, Gene and Debois, Patrick and Willis, John and Humble, Jez},
  title = {The DevOps Handbook: How to Create World-Class Agility, Reliability, and Security in Technology Organizations},
  year = {2016},
  isbn = {1942788002},
  publisher = {IT Revolution Press}
}
